
@book{brown_data2019ncov_2020,
	title = {{data2019nCoV}: {Data} on the {COVID}-19 {Outbreak}},
	author = {Brown, Eric},
	year = {2020}
}

@article{abbott_ncovutils_2020,
	title = {{NCoVUtils}: {Utility} functions for the 2019-{NCoV} outbreak},
	volume = {-},
	doi = {10.5281/zenodo.3635417},
	number = {-},
	journal = {-},
	author = {Abbott, Sam and Hellewell, Joel and Munday, James D. and Funk, Sebastian},
	year = {2020},
	pages = {--}
}

@book{r_core_team_r_2019,
	address = {Vienna, Austria},
	title = {R: {A} {Language} and {Environment} for {Statistical} {Computing}},
	url = {https://www.R-project.org/},
	publisher = {R Foundation for Statistical Computing},
	author = {{R Core Team}},
	year = {2019}
}

@book{cori_epiestim_2019,
	title = {{EpiEstim}: {Estimate} {Time} {Varying} {Reproduction} {Numbers} from {Epidemic} {Curves}},
	url = {https://CRAN.R-project.org/package=EpiEstim},
	author = {Cori, Anne},
	year = {2019}
}

@article{wallinga_different_2004,
	title = {Different {Epidemic} {Curves} for {Severe} {Acute} {Respiratory} {Syndrome} {Reveal} {Similar} {Impacts} of {Control} {Measures}},
	volume = {160},
	issn = {0002-9262},
	url = {https://doi.org/10.1093/aje/kwh255},
	doi = {10.1093/aje/kwh255},
	number = {6},
	journal = {American Journal of Epidemiology},
	author = {Wallinga, Jacco and Teunis, Peter},
	year = {2004},
	note = {\_eprint: https://academic.oup.com/aje/article-pdf/160/6/509/179728/kwh255.pdf},
	pages = {509--516}
}

@article{cori_new_2013,
	title = {A {New} {Framework} and {Software} to {Estimate} {Time}-{Varying} {Reproduction} {Numbers} {During} {Epidemics}},
	volume = {178},
	issn = {0002-9262},
	url = {https://doi.org/10.1093/aje/kwt133},
	doi = {10.1093/aje/kwt133},
	number = {9},
	journal = {American Journal of Epidemiology},
	author = {Cori, Anne and Ferguson, Neil M. and Fraser, Christophe and Cauchemez, Simon},
	year = {2013},
	note = {\_eprint: https://academic.oup.com/aje/article-pdf/178/9/1505/17341195/kwt133.pdf},
	pages = {1505--1512}
}

@book{stan_development_team_rstan_2020,
	title = {{RStan}: the {R} interface to {Stan}},
	url = {http://mc-stan.org/},
	author = {{Stan Development Team}},
	year = {2020}
}

@article{nishiura_serial_2020,
	title = {Serial interval of novel coronavirus (2019-{nCoV}) infections},
	url = {https://www.medrxiv.org/content/early/2020/02/17/2020.02.03.20019497},
	doi = {10.1101/2020.02.03.20019497},
	journal = {medRxiv},
	author = {Nishiura, Hiroshi and Linton, Natalie M and Akhmetzhanov, Andrei R.},
	year = {2020},
	note = {Publisher: Cold Spring Harbor Laboratory Press
\_eprint: https://www.medrxiv.org/content/early/2020/02/17/2020.02.03.20019497.full.pdf}
}

@article{thompson_improved_2019,
	title = {Improved inference of time-varying reproduction numbers during infectious disease outbreaks},
	volume = {29},
	issn = {1755-4365},
	url = {http://www.sciencedirect.com/science/article/pii/S1755436519300350},
	doi = {https://doi.org/10.1016/j.epidem.2019.100356},
	journal = {Epidemics},
	author = {Thompson, R. N. and Stockwin, J. E. and Gaalen, R. D. van and Polonsky, J. A. and Kamvar, Z. N. and Demarsh, P. A. and Dahlqwis, E. and Li, S. and Miguel, E. and Jombart, T. and Lessler, J. and Cauchemez, S. and Cori, A.},
	year = {2019},
	pages = {100356}
}

@article{park_practical_2019,
	title = {A practical generation-interval-based approach to inferring the strength of epidemics from their speed},
	volume = {27},
	issn = {1755-4365},
	url = {http://www.sciencedirect.com/science/article/pii/S1755436518300847},
	doi = {https://doi.org/10.1016/j.epidem.2018.12.002},
	journal = {Epidemics},
	author = {Park, Sang Woo and Champredon, David and Weitz, Joshua S. and Dushoff, Jonathan},
	year = {2019},
	pages = {12 -- 18}
}

<<<<<<< Updated upstream
@article{thompson_2019-20_2020,
	title = {2019-20 {Wuhan} coronavirus outbreak: {Intense} surveillance is vital for preventing sustained transmission in new locations},
	journal = {bioRxiv},
	author = {Thompson, R. N.},
	year = {2020},
	pages = {1 -- 14}
=======
@techreport{noauthor_tabelle_2020,
    address = {Germany},
    type = {Github Repository},
    title = {Tabelle mit den aktuellen Covid-19 Infektionen pro Tag (Zeitreihe)},
    copyright = {Open Data Datenlizenz Deutschland – Namensnennung – Version 2.0 zur Verfügung},
    url = {https://npgeo-corona-npgeo-de.hub.arcgis.com/datasets/dd4580c810204019a7b8eb3e0b329dd6_0},
    language = {German},
    institution = {Robert Koch Institut, Bundesamt für Kartographie und Geodäsie},
    year = {2020}
>>>>>>> Stashed changes
}

@techreport{noauthor_tabelle_2020,
	address = {Germany},
	title = {Tabelle mit den aktuellen {Covid}-19 {Infektionen} pro {Tag} ({Zeitreihe})},
	copyright = {Open Data Datenlizenz Deutschland – Namensnennung – Version 2.0 zur Verfügung},
	url = {https://npgeo-corona-npgeo-de.hub.arcgis.com/datasets/dd4580c810204019a7b8eb3e0b329dd6_0},
	language = {German},
	institution = {Robert Koch Institut; Bundesamt für Kartographie und Geodäsie},
	year = {2020}
}

<<<<<<< Updated upstream
@techreport{noauthor_2019_2020,
	title = {2019 {Novel} {Coronavirus} {COVID}-19 (2019-{nCoV}) {Data} {Repository}},
	copyright = {Copyright 2020 Johns Hopkins University},
	url = {https://github.com/CSSEGISandData/COVID-19},
	language = {English},
	institution = {Johns Hopkins CSSE},
	year = {2020}
=======
@techreportnoauthor_coronavirus_2020
    title = {Coronavirus (COVID-19) Cases in the UK},
    copyright = {Open Government Licence v3.0},
    url = {https://coronavirus.data.gov.uk},
    language = {English},
    institution = {Public Health England and NHSX},
    year = {2020}
}

@techreport{white_coronavirus_2020,
    type = {Github Repository},
    title = {Coronavirus (COVID-19) UK Historical Data},
    url = {https://github.com/tomwhite/covid-19-uk-data},
    language = {English},
    author = {White, Tom},
    year = {2020}
>>>>>>> Stashed changes
}

@techreport{prevention_download_2020,
	title = {Download {Today}'s {Data} on the {Geographic} {Distribution} of {COVID}-19 {Cases} {Worldwide}.},
	url = {www.ecdc.europa.eu/en/publications-data/download-todays-data-geographic-distribution-covid-19-cases-worldwide},
	language = {English},
	author = {Prevention, European Centre for Disease and {Control}},
	year = {2020}
}

@article{vehtari_practical_2016,
	title = {Practical {Bayesian} model evaluation using leave-one-out cross-validation and {WAIC}},
	issn = {15731375},
	doi = {10.1007/s11222-016-9696-4},
	number = {September},
	journal = {Stat. Comput.},
	author = {Vehtari, Aki and Gelman, Andrew and Gabry, Jonah},
	year = {2016},
	note = {\_eprint: arXiv:1507.04544v4},
	pages = {1--20}
}

@article{gneiting_strictly_2007,
	title = {Strictly {Proper} {Scoring} {Rules}, {Prediction}, and {Estimation}},
	volume = {102},
	issn = {0162-1459, 1537-274X},
	url = {http://www.tandfonline.com/doi/abs/10.1198/016214506000001437},
	doi = {10.1198/016214506000001437},
	language = {en},
	number = {477},
	urldate = {2020-03-22},
	journal = {Journal of the American Statistical Association},
	author = {Gneiting, Tilmann and Raftery, Adrian E},
	month = mar,
	year = {2007},
	pages = {359--378}
}

@article{nouvellet_simple_2018,
	title = {A simple approach to measure transmissibility and forecast incidence},
	volume = {22},
	issn = {1755-4365},
	url = {http://www.sciencedirect.com/science/article/pii/S1755436517300245},
	doi = {https://doi.org/10.1016/j.epidem.2017.02.012},
	journal = {Epidemics},
	author = {Nouvellet, Pierre and Cori, Anne and Garske, Tini and Blake, Isobel M. and Dorigatti, Ilaria and Hinsley, Wes and Jombart, Thibaut and Mills, Harriet L. and Nedjati-Gilani, Gemma and Kerkhove, Maria D. Van and Fraser, Christophe and Donnelly, Christl A. and Ferguson, Neil M. and Riley, Steven},
	year = {2018},
	pages = {29 -- 35}
}

@article{jordan_evaluating_2019,
	title = {Evaluating {Probabilistic} {Forecasts} with {scoringRules}},
	volume = {90},
	issn = {1548-7660},
	url = {http://www.jstatsoft.org/v90/i12/},
	doi = {10.18637/jss.v090.i12},
	language = {en},
	number = {12},
	urldate = {2020-03-07},
	journal = {Journal of Statistical Software},
	author = {Jordan, Alexander and Krüger, Fabian and Lerch, Sebastian},
	year = {2019}
}

@article{lauer_incubation_2020,
	title = {The {Incubation} {Period} of {Coronavirus} {Disease} 2019 ({COVID}-19) {From} {Publicly} {Reported} {Confirmed} {Cases}: {Estimation} and {Application}},
	issn = {0003-4819},
	url = {https://doi.org/10.7326/M20-0504},
	doi = {10.7326/M20-0504},
	journal = {Annals of Internal Medicine},
	author = {Lauer, Stephen A. and Grantz, Kyra H. and Bi, Qifang and Jones, Forrest K. and Zheng, Qulu and Meredith, Hannah R. and Azman, Andrew S. and Reich, Nicholas G. and Lessler, Justin},
	year = {2020},
	note = {\_eprint: https://annals.org/acp/content\_public/journal/aim/0/aime202005050-m200504.pdf}
}

@book{ohara-wild_fable_2020,
	title = {fable: {Forecasting} {Models} for {Tidy} {Time} {Series}},
	url = {https://CRAN.R-project.org/package=fable},
	author = {O'Hara-Wild, Mitchell and Hyndman, Rob and Wang, Earo},
	year = {2020}
}

@book{abbott_episoon_2020,
	title = {{EpiSoon}: {Forecast} {Cases} {Using} {Reproduction} {Numbers}},
	url = {https://epiforecasts.io/EpiSoon},
	author = {Abbott, Sam and Hellewell, Joel and Bosse, Nikos and Sherratt, Katharine and Munday, James and Thompson, Robin and Funk, Sebastian},
	year = {2020}
}

@article{jordan_evaluating_2019-1,
	title = {Evaluating {Probabilistic} {Forecasts} with {scoringRules}},
	volume = {90},
	doi = {10.18637/jss.v090.i12},
	number = {12},
	journal = {Journal of Statistical Software},
	author = {Jordan, Alexander and Kruger, Fabian and Lerch, Sebastian},
	year = {2019},
	pages = {1--37}
}

@book{bosse_scoringutils_2020,
	title = {scoringutils: {A} collection of proper scoring rules and metrics to assess predictions},
	url = {https://github.com/epiforecasts/scoringutils},
	author = {Bosse, Nikos},
	year = {2020}
}

@article{funk_assessing_2019,
	title = {Assessing the performance of real-time epidemic forecasts: {A} case study of {Ebola} in the {Western} {Area} region of {Sierra} {Leone}, 2014-15},
	volume = {15},
	number = {2},
	journal = {PLoS computational biology},
	author = {Funk, Sebastian and Camacho, Anton and Kucharski, Adam J and Lowe, Rachel and Eggo, Rosalind M and Edmunds, W John},
	year = {2019},
	pages = {e1006785--17}
}

@book{abbott_epinow_2020,
	title = {{EpiNow}: {Estimate} {Realtime} {Case} {Counts} and {Time}-varying {Epidemiological} {Parameters}},
	url = {https://github.com/epiforecasts/EpiNow},
	author = {Abbott, Sam and Hellewell, Joel and Munday, James and Thompson, Robin and Funk, Sebastian},
	year = {2020}
}

<<<<<<< Updated upstream
@techreport{tom_white_coronavirus_2020,
	title = {Coronavirus ({COVID}-19) {UK} {Historical} {Data}},
	url = {https://github.com/tomwhite/covid-19-uk-data},
	author = {{Tom White}},
	year = {2020}
}

@techreport{noauthor_coronavirus_2020,
	title = {Coronavirus ({COVID}-19) {Cases} in the {UK}},
	url = {https://coronavirus.data.gov.uk/},
	institution = {Public Health England},
	year = {2020}
=======
@techreport{cota_monitoring_2020,
    type = {preprint},
    title = {Monitoring the number of COVID-19 cases and deaths in Brazil at municipal and federative units level},
    url = {https://preprints.scielo.org/index.php/scielo/preprint/view/362/version/371},
    language = {English},
    author = {Cota, Wesley},
    year = {2020},
    doi = {10.1590/SciELOPreprints.362}
}

@techreport{noauthor_covid19-india_2020,
	title = {COVID19-India API},
	copyright = {GPL-3.0},
	url = {https://github.com/covid19india/api},
	institution = {covid19india.org},
	type = {Github Repository},
	date = {2020}
>>>>>>> Stashed changes
}
